@article{BRENT1973,
  title={Some efficient algorithms for solving systems of nonlinear equations},
  author={Brent, Richard P},
  journal={SIAM Journal on Numerical Analysis},
  volume={10},
  number={2},
  pages={327--344},
  year={1973},
  publisher={SIAM},
  url={https://maths-people.anu.edu.au/~brent/pd/rpb014lr.pdf}
}

@article{TEUCH92,
  title={Numerical recipes in C},
  author={Teukolsky, Saul A and Flannery, Brian P and Press, W and Vetterling, W},
  journal={SMR},
  volume={693},
  number={2},
  pages={59--70},
  year={2017},
  url={https://hlevkin.com/hlevkin/60numalgs/C/Press,Teukolsky,%20Vetterling,Flannery-Numerical%20Recipes%20in%20C.pdf}
}