@article{DEB2002FAST,
  title={A fast and elitist multiobjective genetic algorithm: NSGA-II},
  author={Deb, Kalyanmoy and Pratap, Amrit and Agarwal, Sameer and Meyarivan, TAMT},
  journal={IEEE transactions on evolutionary computation},
  volume={6},
  number={2},
  pages={182--197},
  year={2002},
  publisher={IEEE},
  url={https://ieeexplore.ieee.org/abstract/document/996017},
}

@article{KNOWLES2006PAREGO,
  title={ParEGO: A hybrid algorithm with on-line landscape approximation for expensive multiobjective optimization problems},
  author={Knowles, Joshua},
  journal={IEEE transactions on evolutionary computation},
  volume={10},
  number={1},
  pages={50--66},
  year={2006},
  publisher={IEEE},
  url={https://ieeexplore.ieee.org/abstract/document/1583627},
}

@inproceedings{PONWEISER2008MULTI,
  title={Multiobjective optimization on a limited budget of evaluations using model-assisted-metric selection},
  author={Ponweiser, Wolfgang and Wagner, Tobias and Biermann, Dirk and Vincze, Markus},
  booktitle={International conference on parallel problem solving from nature},
  pages={784--794},
  year={2008},
  organization={Springer},
  url={https://link.springer.com/chapter/10.1007/978-3-540-87700-4_78},
}

@article{YANG2019MULTI,
  title={Multi-objective Bayesian global optimization using expected hypervolume improvement gradient},
  author={Yang, Kaifeng and Emmerich, Michael and Deutz, Andr{\'e} and B{\"a}ck, Thomas},
  journal={Swarm and evolutionary computation},
  volume={44},
  pages={945--956},
  year={2019},
  publisher={Elsevier},
  url={https://doi.org/10.1016/j.swevo.2018.10.007},
}

@inproceedings{BINDER2020MULTI,
  title={Multi-objective hyperparameter tuning and feature selection using filter ensembles},
  author={Binder, Martin and Moosbauer, Julia and Thomas, Janek and Bischl, Bernd},
  booktitle={Proceedings of the 2020 genetic and evolutionary computation conference},
  pages={471--479},
  year={2020},
  url={https://arxiv.org/pdf/1912.12912},
}

@inproceedings{WANG2019EVOLVING,
  title={Evolving deep neural networks by multi-objective particle swarm optimization for image classification},
  author={Wang, Bin and Sun, Yanan and Xue, Bing and Zhang, Mengjie},
  booktitle={Proceedings of the genetic and evolutionary computation conference},
  pages={490--498},
  year={2019},
  url={https://arxiv.org/pdf/1904.09035.pdf},
}

@inproceedings{HUANG2017DENSELY,
  title={Densely connected convolutional networks},
  author={Huang, Gao and Liu, Zhuang and Van Der Maaten, Laurens and Weinberger, Kilian Q},
  booktitle={Proceedings of the IEEE conference on computer vision and pattern recognition},
  pages={4700--4708},
  year={2017},
  url={https://arxiv.org/pdf/1608.06993.pdf},
}
